<record><leader>00000cas a22000007a 4500</leader><controlfield tag="001">21052024</controlfield><controlfield tag="008">900212d19031945mouwr ne      0    0eng d</controlfield><datafield ind1=" " ind2=" " tag="010"><subfield code="a">sn 90061247 </subfield></datafield><datafield ind1=" " ind2=" " tag="040"><subfield code="a">MQN</subfield><subfield code="b">eng</subfield><subfield code="c">MQN</subfield><subfield code="d">OCLCQ</subfield></datafield><datafield ind1=" " ind2=" " tag="042"><subfield code="a">msc</subfield></datafield><datafield ind1="0" ind2="4" tag="245"><subfield code="a">The Vandalia mail.</subfield></datafield><datafield ind1=" " ind2=" " tag="260"><subfield code="a">Vandalia, Mo. :</subfield><subfield code="b">L.A. Bird,</subfield><subfield code="c">-1945.</subfield></datafield><datafield ind1=" " ind2=" " tag="300"><subfield code="a">v.</subfield></datafield><datafield ind1=" " ind2=" " tag="310"><subfield code="a">Weekly</subfield></datafield><datafield ind1="1" ind2=" " tag="362"><subfield code="a">Began in 1903?</subfield></datafield><datafield ind1="0" ind2=" " tag="362"><subfield code="a">-v. 52, no. 20 (Apr. 5, 1945).</subfield></datafield><datafield ind1=" " ind2=" " tag="515"><subfield code="a">Suspended publication Jan. 20-May 4, 1944.</subfield></datafield><datafield ind1=" " ind2=" " tag="588"><subfield code="a">Description based on: Vol. 13, no. 17 (Jan. 4, 1905).</subfield></datafield><datafield ind1=" " ind2=" " tag="752"><subfield code="a">United States</subfield><subfield code="b">Missouri</subfield><subfield code="c">Audrain</subfield><subfield code="d">Vandalia.</subfield></datafield><datafield ind1="0" ind2="0" tag="780"><subfield code="t">Mail and express (Vandalia, Mo.)</subfield><subfield code="w">(DLC)sn 90061248</subfield></datafield><datafield ind1="0" ind2="4" tag="785"><subfield code="t">Vandalia leader</subfield><subfield code="w">(DLC)sn 90061246</subfield></datafield></record>